@manual{ERS,
author = {MPB},
title = {Especificación de Requerimiento de Sowtware},
year = {•},
OPTsubtitle = {•},
OPTtitleaddon = {•},
OPTlanguage = {•},
OPTedition = {•},
OPTtype = {•},
OPTseries = {•},
OPTnumber = {•},
OPTversion = {•},
OPTnote = {•},
OPTorganization = {•},
OPTpublisher = {•},
OPTlocation = {•},
OPTisbn = {•},
OPTchapter = {•},
OPTpages = {•},
OPTpagetotal = {•},
OPTaddendum = {•},
OPTpubstate = {•},
OPTdoi = {•},
OPTeprint = {•},
OPTeprintclass = {•},
OPTeprinttype = {•},
OPTurl = {•},
OPTurldate = {•},
}
